@inproceedings{kelsey2006herding,
  title={Herding hash functions and the Nostradamus attack},
  author={Kelsey, John and Kohno, Tadayoshi},
  booktitle={Annual International Conference on the Theory and Applications of Cryptographic Techniques},
  pages={183--200},
  year={2006},
  organization={Springer}
}


